<?xml version="1.0" encoding="UTF-8"?><collection xmlns="http://www.loc.gov/MARC21/slim"><record><leader>00408nam--2200133-i-4500</leader><controlfield tag="001">000019501</controlfield><controlfield tag="002">20161230</controlfield><controlfield tag="005">20161230201033</controlfield><controlfield tag="008">060222s1000------------r-----000-0-eng-d</controlfield><datafield ind1=" " ind2=" " tag="100"><subfield code="a">Fayen, E.G. And Lancaster, F.W</subfield></datafield><datafield ind1=" " ind2=" " tag="245"><subfield code="a">Information retrieval on-line</subfield></datafield><datafield ind1=" " ind2=" " tag="260"><subfield code="a">Los Angeles, California, Melville Publishing Company, 1973.Xiv + 597 P</subfield></datafield><datafield ind1=" " ind2=" " tag="490"><subfield code="a">A Wiley-becker &amp; Hayes Series Book, 1973</subfield></datafield><datafield ind1=" " ind2=" " tag="852"><subfield code="a">41986</subfield></datafield></record></collection>